@article{kalloch2018semi,
  title={Semi-automated generation of individual computational models of the human head and torso from MR images},
  author={Kalloch, Benjamin and Bode, Jens and Kozlov, Mikhail and Pampel, Andr{\'e} and Hlawitschka, Mario and Sehm, Bernhard and Villringer, Arno and M{\"o}ller, Harald E and Bazin, Pierre-Louis},
  journal={Magnetic resonance in medicine},
  year={2018},
  publisher={Wiley Online Library}
}

@article{lucas2010java,
  title={The Java Image Science Toolkit (JIST) for rapid prototyping and publishing of neuroimaging software},
  author={Lucas, Blake C and Bogovic, John A and Carass, Aaron and Bazin, Pierre-Louis and Prince, Jerry L and Pham, Dzung L and Landman, Bennett A},
  journal={Neuroinformatics},
  volume={8},
  number={1},
  pages={5--17},
  year={2010},
  publisher={Springer}
}

@inproceedings{mcauliffe2001medical,
  title={Medical image processing, analysis and visualization in clinical research},
  author={McAuliffe, Matthew J and Lalonde, Francois M and McGarry, Delia and Gandler, William and Csaky, Karl and Trus, Benes L},
  booktitle={Computer-Based Medical Systems, 2001. CBMS 2001. Proceedings. 14th IEEE Symposium on},
  pages={381--386},
  year={2001},
  organization={IEEE}
}

@article{wolters2006influence,
  title={Influence of tissue conductivity anisotropy on EEG/MEG field and return current computation in a realistic head model: a simulation and visualization study using high-resolution finite element modeling},
  author={Wolters, Carsten Hermann and Anwander, Alfred and Tricoche, Xavier and Weinstein, D and Koch, Martin A and Macleod, Robert S},
  journal={NeuroImage},
  volume={30},
  number={3},
  pages={813--826},
  year={2006},
  publisher={Elsevier}
}
